@Article{Pokorski:1998hr,
     author    = "Witold Pokorski and Graham G. Ross",
     title     = "Flat directions, string compactification and three
                  generation models",
     year      = "1998",
     eprint    = "hep-ph/9809537"
}
@Article{Ghilencea:1998st,
     author    = "Dumitru Ghilencea and Graham G. Ross",
     title     = "Unification and extra space-time dimensions",
     year      = "1998",
     eprint    = "hep-ph/9809217"
}
@Article{Amelino-Camelia:1998tm,
     author    = "G. Amelino-Camelia and Dumitru Ghilencea and Graham G. Ross
                  ",
     title     = "The Effect of Yukawa couplings on unification predictions
                  and the nonperturbative limit",
     journal   = "Nucl. Phys.",
     volume    = "B528",
     year      = "1998",
     pages     = "35",
     eprint    = "hep-ph/9804437"
}

@Article{moon2001computational,
  title={Computational and performance aspects of PCA-based face-recognition algorithms},
  author={Moon, Hyeonjoon and Phillips, P Jonathon},
  journal={Perception-London},
  volume={30},
  number={3},
  pages={303--322},
  year={2001},
  publisher={[London: Pion Ltd.]}
}

@article{stegmann2002brief,
  title={A brief introduction to statistical shape analysis},
  author={Stegmann, Mikkel B and Gomez, David Delgado},
  journal={Informatics and Mathematical Modelling, Technical University of Denmark, DTU},
  volume={15},
  pages={11},
  year={2002}
}

@inproceedings{hood2015children,
  title={When children teach a robot to write: An autonomous teachable humanoid which uses simulated handwriting},
  author={Hood, Deanna and Lemaignan, S{\'e}verin and Dillenbourg, Pierre},
  booktitle={Proceedings of the Tenth Annual ACM/IEEE International Conference on Human-Robot Interaction},
  pages={83--90},
  year={2015},
  organization={ACM}
}

@unpublished{ujidataset,
title = {David Llorens, Federico Prat, Andr\'es Marzal, Juan Miguel Vilar, Mar\'ia Jos\'e Castro, Juan-Carlos Amengual, Sergio Barrachina, Antonio Castellanos, JA G\'omez, et al. The ujipen-
chars database: a pen-based database of isolated handwritten characters}
}

@article{joseph2005engagement,
  title={Engagement tracing: using response times to model student disengagement},
  author={Joseph, E},
  journal={Artificial intelligence in education: Supporting learning through intelligent and socially informed technology},
  volume={125},
  pages={88},
  year={2005},
  publisher={IOS Press}
}

@book{embretson2013item,
  title={Item response theory for psychologists},
  author={Embretson, Susan E and Reise, Steven P},
  year={2013},
  publisher={Psychology Press}
}

@inproceedings{tielman2014adaptive,
  title={Adaptive emotional expression in robot-child interaction},
  author={Tielman, Myrthe and Neerincx, Mark and Meyer, John-Jules and Looije, Rosemarijn},
  booktitle={Proceedings of the 2014 ACM/IEEE international conference on Human-robot interaction},
  pages={407--414},
  year={2014},
  organization={ACM}
}

@article{lim2014mei,
  title={The MEI robot: towards using Motherese to develop multimodal emotional intelligence},
  author={Lim, Angelica and Okuno, Hiroshi G},
  journal={Autonomous Mental Development, IEEE Transactions on},
  volume={6},
  number={2},
  pages={126--138},
  year={2014},
  publisher={IEEE}
}

@article{russell1980circumplex,
  title={A circumplex model of affect.},
  author={Russell, James A},
  journal={Journal of personality and social psychology},
  volume={39},
  number={6},
  pages={1161},
  year={1980},
  publisher={American Psychological Association}
}

@inproceedings{castellano2009detecting,
  title={Detecting user engagement with a robot companion using task and social interaction-based features},
  author={Castellano, Ginevra and Pereira, Andr{\'e} and Leite, Iolanda and Paiva, Ana and McOwan, Peter W},
  booktitle={Proceedings of the 2009 international conference on Multimodal interfaces},
  pages={119--126},
  year={2009},
  organization={ACM}
}

@inproceedings{d2007posture,
  title={Posture as a predictor of learner’s affective engagement},
  author={D’Mello, Sidney and Chipman, Patrick and Graesser, Art},
  booktitle={Proceedings of the 29th annual cognitive science society},
  volume={1},
  pages={905--910},
  year={2007},
  organization={Cognitive Science Society, Austin, TX}
}

@article{christensen2005role,
  title={The role of orthographic--motor integration in the production of creative and well-structured written text for students in secondary school},
  author={Christensen, Carol A},
  journal={Educational Psychology},
  volume={25},
  number={5},
  pages={441--453},
  year={2005},
  publisher={Taylor \& Francis}
}

@article{malloy1995handwriting,
  title={Handwriting error patterns of children with mild motor difficulties},
  author={Malloy-Miller, Theresa and Polatajko, Helene and Anstett, Bev},
  journal={Canadian Journal of Occupational Therapy},
  volume={62},
  number={5},
  pages={258--267},
  year={1995},
  publisher={SAGE Publications}
}

@article{medwell2008handwriting,
  title={Handwriting--A forgotten language skill?},
  author={Medwell, Jane and Wray, David},
  journal={Language and Education},
  volume={22},
  number={1},
  pages={34--47},
  year={2008},
  publisher={Taylor \& Francis}
}

@article{palinscar1984reciprocal,
  title={Reciprocal teaching of comprehension-fostering and comprehension-monitoring activities},
  author={Palinscar, Aannemarie Sullivan and Brown, Ann L},
  journal={Cognition and instruction},
  volume={1},
  number={2},
  pages={117--175},
  year={1984},
  publisher={Taylor \& Francis}
}

@article{smith2005pedagogies,
  title={Pedagogies of engagement: Classroom-based practices},
  author={Smith, Karl A and Sheppard, Sheri D and Johnson, David W and Johnson, Roger T},
  journal={Journal of engineering education},
  volume={94},
  number={1},
  pages={87--101},
  year={2005},
  publisher={Wiley Online Library}
}

@article{umbach2005faculty,
  title={Faculty do matter: The role of college faculty in student learning and engagement},
  author={Umbach, Paul D and Wawrzynski, Matthew R},
  journal={Research in Higher Education},
  volume={46},
  number={2},
  pages={153--184},
  year={2005},
  publisher={Springer}
}

@article{lim2014mei,
  title={The MEI robot: towards using Motherese to develop multimodal emotional intelligence},
  author={Lim, Angelica and Okuno, Hiroshi G},
  journal={Autonomous Mental Development, IEEE Transactions on},
  volume={6},
  number={2},
  pages={126--138},
  year={2014},
  publisher={IEEE}
}

@inproceedings{tielman2014adaptive,
  title={Adaptive emotional expression in robot-child interaction},
  author={Tielman, Myrthe and Neerincx, Mark and Meyer, John-Jules and Looije, Rosemarijn},
  booktitle={Proceedings of the 2014 ACM/IEEE international conference on Human-robot interaction},
  pages={407--414},
  year={2014},
  organization={ACM}
}
@article{rohrbeck2003peer,
  title={Peer-assisted learning interventions with elementary school students: A meta-analytic review.},
  author={Rohrbeck, Cynthia A and Ginsburg-Block, Marika D and Fantuzzo, John W and Miller, Traci R},
  journal={Journal of Educational Psychology},
  volume={95},
  number={2},
  pages={240},
  year={2003},
  publisher={American Psychological Association}
}

@article{zhao2012learning,
  title={Learning-by-teaching: designing teachable agents with intrinsic motivation},
  author={Zhao, Guopeng and Shen, Zhiqi and others},
  journal={Educational Technology \& Society},
  volume={15},
  number={4},
  pages={62},
  year={2012},
  publisher={International Forum of Educational Technology \& Society}
}

@inproceedings{okita2006observation,
  title={When observation beats doing: Learning by teaching},
  author={Okita, Sandra Y and Schwartz, Daniel L},
  booktitle={Proceedings of the 7th international conference on Learning sciences},
  pages={509--515},
  year={2006},
  organization={International Society of the Learning Sciences}
}

@article{renkl1995learning,
  title={Learning for later teaching: An exploration of mediational links between teaching expectancy and learning results},
  author={Renkl, Alexander},
  journal={Learning and Instruction},
  volume={5},
  number={1},
  pages={21--36},
  year={1995},
  publisher={Elsevier}
}

@article{beran2011understanding,
  title={Understanding how children understand robots: Perceived animism in child--robot interaction},
  author={Beran, Tanya N and Ramirez-Serrano, Alejandro and Kuzyk, Roman and Fior, Meghann and Nugent, Sarah},
  journal={International Journal of Human-Computer Studies},
  volume={69},
  number={7},
  pages={539--550},
  year={2011},
  publisher={Elsevier}
}

@article{kanda2007two,
  title={A two-month field trial in an elementary school for long-term human--robot interaction},
  author={Kanda, Takayuki and Sato, Rumi and Saiwaki, Naoki and Ishiguro, Hiroshi},
  journal={Robotics, IEEE Transactions on},
  volume={23},
  number={5},
  pages={962--971},
  year={2007},
  publisher={IEEE}
}

@article{butler2003social,
  title={The social consequences of expressive suppression.},
  author={Butler, Emily A and Egloff, Boris and Wlhelm, Frank H and Smith, Nancy C and Erickson, Elizabeth A and Gross, James J},
  journal={Emotion},
  volume={3},
  number={1},
  pages={48},
  year={2003},
  publisher={American Psychological Association}
}

@book{mcneill1992hand,
  title={Hand and mind: What gestures reveal about thought},
  author={McNeill, David},
  year={1992},
  publisher={University of Chicago Press}
}

@inproceedings{leite2012modelling,
  title={Modelling empathic behaviour in a robotic game companion for children: an ethnographic study in real-world settings},
  author={Leite, Iolanda and Castellano, Ginevra and Pereira, Andr{\'e} and Martinho, Carlos and Paiva, Ana},
  booktitle={Proceedings of the seventh annual ACM/IEEE international conference on Human-Robot Interaction},
  pages={367--374},
  year={2012},
  organization={ACM}
}

@article{banse1996acoustic,
  title={Acoustic profiles in vocal emotion expression.},
  author={Banse, Rainer and Scherer, Klaus R},
  journal={Journal of personality and social psychology},
  volume={70},
  number={3},
  pages={614},
  year={1996},
  publisher={American Psychological Association}
}

@article{elliot2014color,
  title={Color psychology: Effects of perceiving color on psychological functioning in humans},
  author={Elliot, Andrew J and Maier, Markus A},
  journal={Annual review of psychology},
  volume={65},
  pages={95--120},
  year={2014},
  publisher={Annual Reviews}
}

@inproceedings{tielman2014adaptive,
  title={Adaptive emotional expression in robot-child interaction},
  author={Tielman, Myrthe and Neerincx, Mark and Meyer, John-Jules and Looije, Rosemarijn},
  booktitle={Proceedings of the 2014 ACM/IEEE international conference on Human-robot interaction},
  pages={407--414},
  year={2014},
  organization={ACM}
}

@article{canamero2001show,
  title={I show you how I like you-can you read it in my face?[robotics]},
  author={Ca{\~n}amero, Lola and Fredslund, Jakob},
  journal={Systems, Man and Cybernetics, Part A: Systems and Humans, IEEE Transactions on},
  volume={31},
  number={5},
  pages={454--459},
  year={2001},
  publisher={Ieee}
}

@article{hirth2011towards,
  title={Towards social robots: Designing an emotion-based architecture},
  author={Hirth, Jochen and Schmitz, Norbert and Berns, Karsten},
  journal={International Journal of Social Robotics},
  volume={3},
  number={3},
  pages={273--290},
  year={2011},
  publisher={Springer}
}

@inproceedings{schulte1999spontaneous,
  title={Spontaneous, short-term interaction with mobile robots},
  author={Schulte, Jamieson and Rosenberg, Charles and Thrun, Sebastian},
  booktitle={Robotics and Automation, 1999. Proceedings. 1999 IEEE International Conference on},
  volume={1},
  pages={658--663},
  year={1999},
  organization={IEEE}
}

@article{velasquez1998modeling,
  title={Modeling emotion-based decision-making},
  author={Velasquez, Juan},
  journal={Emotional and intelligent: The tangled knot of cognition},
  pages={164--169},
  year={1998},
  publisher={Citeseer}
}

@article{breazeal2003emotion,
  title={Emotion and sociable humanoid robots},
  author={Breazeal, Cynthia},
  journal={International Journal of Human-Computer Studies},
  volume={59},
  number={1},
  pages={119--155},
  year={2003},
  publisher={Elsevier}
}

@inproceedings{pereira2008icat,
  title={iCat, the chess player: the influence of embodiment in the enjoyment of a game},
  author={Pereira, Andr{\'e} and Martinho, Carlos and Leite, Iolanda and Paiva, Ana},
  booktitle={Proceedings of the 7th international joint conference on Autonomous agents and multiagent systems-Volume 3},
  pages={1253--1256},
  year={2008},
  organization={International Foundation for Autonomous Agents and Multiagent Systems}
}

@article{belpaeme2012multimodal,
  title={Multimodal child-robot interaction: Building social bonds},
  author={Belpaeme, Tony and Baxter, Paul E and Read, Robin and Wood, Rachel and Cuay{\'a}huitl, Heriberto and Kiefer, Bernd and Racioppa, Stefania and Kruijff-Korbayov{\'a}, Ivana and Athanasopoulos, Georgios and Enescu, Valentin and others},
  journal={Journal of Human-Robot Interaction},
  volume={1},
  number={2},
  pages={33--53},
  year={2012}
}

@online{aldebaran,
 author  = "Aldebaran-Robotics",
 title   = "Nao software 1.14.5 documentation: Nao h25",
 urlseen = "26-05-15",
 url     = "https://community.aldebaran-robotics.com/doc/1-14/family/nao_h25/index_h25.html",
}

@techreport{bradley1999affective,
  title={Affective norms for English words (ANEW): Instruction manual and affective ratings},
  author={Bradley, Margaret M and Lang, Peter J},
  year={1999},
  institution={Technical Report C-1, The Center for Research in Psychophysiology, University of Florida}
}
@inproceedings{shi1994good,
  title={Good features to track},
  author={Shi, Jianbo and Tomasi, Carlo},
  booktitle={Computer Vision and Pattern Recognition, 1994. Proceedings CVPR'94., 1994 IEEE Computer Society Conference on},
  pages={593--600},
  year={1994},
  organization={IEEE}
}

@article{bouguet2001pyramidal,
  title={Pyramidal implementation of the affine lucas kanade feature tracker description of the algorithm},
  author={Bouguet, Jean-Yves},
  journal={Intel Corporation},
  volume={5},
  pages={1--10},
  year={2001}
}

@article{gouaillier2008nao,
  title={The nao humanoid: a combination of performance and affordability},
  author={Gouaillier, David and Hugel, Vincent and Blazevic, Pierre and Kilner, Chris and Monceaux, Jerome and Lafourcade, Pascal and Marnier, Brice and Serre, Julien and Maisonnier, Bruno},
  journal={CoRR abs/0807.3223},
  year={2008}
}

@inproceedings{shamsuddin2011humanoid,
  title={Humanoid robot NAO: Review of control and motion exploration},
  author={Shamsuddin, Syamimi and Ismail, Luthffi Idzhar and Yussof, Hanafiah and Ismarrubie Zahari, N and Bahari, Saiful and Hashim, Hafizan and Jaffar, Ahmed},
  booktitle={Control System, Computing and Engineering (ICCSCE), 2011 IEEE International Conference on},
  pages={511--516},
  year={2011},
  organization={IEEE}
}


@inproceedings{quigley2009ros,
  title={ROS: an open-source Robot Operating System},
  author={Quigley, Morgan and Conley, Ken and Gerkey, Brian and Faust, Josh and Foote, Tully and Leibs, Jeremy and Wheeler, Rob and Ng, Andrew Y},
  booktitle={ICRA workshop on open source software},
  volume={3},
  number={3.2},
  pages={5},
  year={2009}
}